3122 5060
642 554 683 596 ua
706 535 903 596 uunamssvs'
1280 528 1320 593 13

200 700 329 774 landus;
346 721 421 773 non,
432 708 467 763 ut
479 701 530 760 alii
540 701 733 780 grammatici
749 703 870 783 dieunt,
886 721 942 781 per
957 700 1119 760 antifrasin
1138 700 1142 779 Ι
1161 698 1321 779 deponens

200 797 340 880 diciltur]
358 820 395 859 eo
413 799 499 880 quod
510 820 670 882 nunquam
685 802 815 882 deponit
828 826 842 861 r
855 823 862 878 3
876 803 920 863 sic
935 820 1100 862 commune
1112 796 1244 857 uerbum
1258 817 1321 856 non

200 896 329 978 deponit
349 903 415 957 ret
439 897 558 978 potuis·
576 900 580 978 Ι
600 905 647 958 set
676 900 737 960 dici
767 901 939 981 deponens.
971 899 1031 958 Sed
1058 904 1089 957 et
1115 897 1174 956 hoc
1200 900 1322 954 motant

201 995 443 1074 significationes
467 1018 550 1070 suaa,
577 1018 647 1057 nam
676 1019 747 1058 ecce
770 1000 896 1080 uapulo,
924 998 1029 1069 arden,
1050 996 1055 1075 Ι
1075 1014 1173 1053 ueneo
1197 993 1321 1073 passiua

201 1100 273 1153 sunt
297 1093 481 1169 intellectu;
500 1095 575 1155 item
597 1096 722 1175 fungor,
750 1097 871 1179 loquor,
888 1098 1009 1178 liqueor
1027 1093 1140 1154 actiua.
1161 1092 1206 1150 Ex
1219 1111 1281 1171 quo
1299 1091 1304 1170 Ι
1336 1097 1354 1155 5

200 1190 341 1272 plerique
354 1191 514 1272 deponens
527 1195 666 1254 neutrale
675 1194 806 1254 uerbum
815 1194 972 1276 appellant
981 1193 1025 1252 lll
1040 1191 1102 1272 [de]
1114 1189 1225 1250 causis
1243 1189 1321 1247 Nam

201 1290 226 1348 si
239 1291 379 1350 neutrale
393 1291 523 1351 uerbum
543 1293 547 1371 Ι
566 1293 721 1373 passiuam
735 1291 1001 1372 [declinationem]
1014 1290 1190 1358 nonhabet,
1204 1288 1247 1346 ita
1258 1306 1320 1345 non

200 1388 334 1446 actiuam
348 1389 509 1470 deponens
522 1408 529 1464 ς
549 1397 580 1449 et
595 1391 619 1449 si
634 1381 773 1450 neutrale
791 1391 948 1450 interdum
961 1389 1137 1470 passionem
1153 1385 1318 1465 significat,

199 1494 235 1545 ut
254 1486 257 1567 Ι
277 1494 324 1546 est
343 1488 468 1568 uapuIn,
498 1487 539 1547 ita
564 1488 700 1548 uicissim
722 1490 882 1569 deponens
898 1489 1033 1548 actiuum
1061 1506 1123 1545 non
1153 1491 1210 1558 est,
1236 1483 1319 1563 quod

199 1604 263 1643 non
281 1585 360 1644 redit
374 1586 412 1646 ad
429 1586 543 1660 aetina,
556 1586 689 1646 hocnon
704 1587 833 1668 deponit
851 1587 855 1666 Ι
874 1608 898 1646 r.
920 1584 1107 1645 Communia
1125 1588 1199 1642 sunt
1224 1602 1320 1663 quaer
1339 1591 1374 1646 10

198 1682 304 1742 littera
318 1684 527 1744 terminantur
555 1689 586 1744 et
608 1685 640 1743 in
661 1685 737 1744 duas
759 1685 875 1745 lormas
893 1685 1020 1758 cadunt,
1036 1683 1068 1741 id
1083 1689 1130 1741 est
1144 1701 1238 1760 agen·
1256 1681 1260 1759 Ι
1279 1680 1319 1739 tis

199 1789 230 1839 et
243 1781 401 1862 patientis,
417 1783 538 1860 agentis
558 1783 682 1861 quando
697 1784 839 1862 sequitur
858 1804 946 1842 casus
967 1782 1175 1851 accusatiuuS,
1206 1785 1239 1838 ut
1263 1778 1320 1837 cri-

200 1879 302 1937 minor
327 1879 465 1952 lratrem,
500 1880 647 1940 consulor
666 1882 669 1960 Ι
690 1881 827 1955 tratrem,
850 1881 997 1961 patientis
1030 1877 1156 1960 quando
1179 1876 1320 1958 sequitur

202 1997 288 2036 casus
303 1977 471 2049 ablatiuuS,
488 1985 523 2037 ut
538 1979 687 2038 criminor
707 2001 723 2038 a
743 1987 784 2052 te,
802 1980 979 2039 consulora
998 1985 1028 2037 te
1052 1977 1100 2036 uel
1123 1997 1140 2035 a
1158 1976 1217 2035 lra-
1237 1975 1240 2057 Ι
1259 1982 1316 2034 tre.

201 2075 279 2134 Sunt
298 2076 392 2135 uerba
413 2077 589 2135 communia
620 2077 658 2136 de
685 2078 798 2158 quibus
822 2077 960 2156 ambigui
985 2082 1088 2156 potest
1110 2082 1213 2133 utrum
1236 2094 1319 2133 com-
1336 2080 1372 2138 15

200 2173 304 2233 munia
323 2195 361 2233 an
381 2174 582 2253 deponentia,
611 2182 646 2234 ut
666 2190 779 2249 uenor,
800 2176 804 2255 Ι
824 2175 937 2254 piscor,
967 2195 1115 2254 aucupor,
1141 2171 1225 2253 quod
1256 2192 1319 2229 non

198 2271 314 2331 dicitur
325 2272 413 2331 facile
425 2294 524 2332 uenor
536 2294 553 2332 a
564 2273 667 2343 leone;
684 2295 823 2354 aucupor
841 2273 879 2333 ab
895 2273 1016 2348 auibuS,
1034 2273 1137 2353 piscor
1151 2293 1167 2330 a
1181 2271 1275 2350 pisce.
1297 2270 1301 2349 Ι

197 2370 258 2429 Sed
283 2377 387 2429 tamen
406 2370 482 2450 [per]
503 2372 687 2431 metaforam
707 2371 885 2430 communia
902 2379 976 2431 sunt
1009 2369 1148 2444 dicenda,
1185 2368 1318 2427 dicimus

197 2467 280 2526 enim
297 2489 424 2528 uenora
440 2476 470 2527 te
486 2469 575 2547 quasi
591 2490 606 2528 a
625 2470 730 2543 leone;
751 2470 755 2549 Ι
775 2470 818 2528 sic
836 2476 885 2529 est
898 2489 1037 2548 aucupor
1048 2474 1079 2527 et
1095 2468 1208 2548 piscor.
1223 2467 1318 2526 Com-

197 2566 303 2625 munia
316 2566 387 2625 ideo
404 2567 553 2626 dicuntur
569 2567 653 2648 quod
669 2568 693 2626 si
709 2568 742 2625 in
755 2568 882 2627 nomine
901 2566 1090 2626 continendo
1111 2565 1317 2624 masculinum
1333 2573 1371 2630 20

197 2671 227 2723 el
251 2665 434 2723 femininum
455 2665 458 2744 Ι
491 2665 666 2724 communia
690 2665 848 2733 dicuntur,
872 2666 963 2724 itaet
987 2665 1018 2722 in
1043 2663 1140 2724 uerbo
1155 2662 1267 2742 agendi
1287 2670 1318 2721 et

197 2762 336 2842 patiendi
349 2763 608 2842 significationem
622 2763 812 2822 continendo
825 2784 989 2822 commune
1001 2769 1210 2842 nuncupatur.
1232 2762 1237 2839 Ι
1257 2760 1317 2820 Sed

197 2866 228 2919 et
252 2861 311 2919 ini
333 2861 420 2920 finita
438 2861 592 2921 neutralia
615 2861 768 2937 uidemus,
789 2870 823 2921 ut
841 2861 979 2934 memini,
1001 2861 1032 2918 in
1050 2881 1091 2935 m,
1110 2866 1144 2918 ut
1165 2881 1245 2933 sum,
1270 2859 1318 2918 in-

197 2979 301 3038 quam,
317 2959 348 3017 in
364 2967 387 3030 t,
411 2965 447 3019 ut
464 2960 468 3039 Ι
487 2960 607 3040 penitet
620 2966 651 3019 et
669 2960 750 3019 rel...
775 2965 807 3019 et
823 2960 882 3019 hoc
897 2980 953 3040 pro
974 2958 1141 3017 dilectione
1159 2958 1191 3016 in
1206 2978 1318 3036 genere

196 3056 365 3137 accipimus
381 3078 560 3138 quanquam
575 3058 607 3115 in
618 3057 687 3116 aliis
704 3058 804 3117 difici-
823 3058 827 3138 Ι
846 3065 914 3117 unt.
926 3057 1004 3116 Sunt
1020 3056 1266 3137 neutropassiua,
1284 3060 1319 3115 ut
1333 3060 1371 3119 25

197 3154 295 3227 soleo,
317 3155 450 3233 gaudee,
473 3155 583 3214 solitus
601 3177 680 3225 sum,
698 3156 825 3234 gauisus
845 3177 925 3229 sum,
946 3155 1000 3214 sed
1017 3154 1055 3214 de
1069 3155 1117 3213 his
1130 3154 1276 3213 omnibus
1296 3155 1300 3234 Ι

195 3260 302 3333 postea
317 3253 449 3312 dicetur.
461 3254 542 3312 Sunt
558 3254 653 3313 verba
667 3254 698 3312 in
714 3254 827 3334 quibus
843 3255 996 3314 incertum
1011 3273 1109 3333 genus
1127 3252 1315 3327 ostenditur,

196 3380 275 3438 quae
304 3359 476 3441 aliquando.
499 3361 557 3420 sub
595 3382 613 3420 0
640 3361 775 3441 Ι1.165Ι,
803 3361 972 3442 aliquando
1007 3361 1065 3420 sub
1101 3383 1116 3419 r
1144 3366 1252 3438 agunt,
1283 3366 1317 3418 ut

194 3456 323 3532 fabrico,
334 3458 461 3531 tonde0,
472 3459 554 3534 lano,
566 3460 683 3533 muni0,
697 3460 804 3553 punio,
816 3481 957 3534 munero,
970 3458 1127 3540 partiolrl,
1147 3459 1151 3538 Ι
1170 3457 1315 3538 populor,

225 3687 239 3728 9
257 3682 338 3744 quod,
351 3697 434 3746 quam
449 3681 453 3744 Ι
468 3687 496 3729 15
514 3687 612 3745 potest,
621 3685 725 3746 postest
741 3683 744 3746 Ι
760 3688 788 3732 18
807 3684 862 3743 sed,
873 3680 946 3731 sunt.

224 3883 236 3925 1
254 3894 309 3926 non
321 3882 352 3926 ut
364 3879 410 3926 alii
422 3905 453 3914 —
465 3880 613 3941 deporens,
628 3880 662 3927 cf.
676 3881 780 3943 Pomp,
794 3896 820 3943 p.
835 3885 889 3939 228,
904 3885 932 3927 19
945 3895 950 3940 ;
964 3880 1050 3937 Seru,
1064 3894 1091 3941 p.
1104 3881 1157 3937 417,
1170 3883 1214 3940 16;
1229 3879 1314 3941 Clud,

193 3954 219 4002 p.
234 3946 272 3995 57,
286 3947 333 4001 333
348 3941 401 3990 alii.
424 3942 514 4000 Char,
528 3957 554 4004 p.
568 3946 621 4000 168,
636 3948 673 4000 29,
690 3943 784 4002 Dium,
803 3958 829 4004 p.
844 3949 897 4001 337,
912 3949 941 3989 26
955 3944 959 4005 Ι
974 3946 987 3989 1
1005 3942 1104 4004 uapulo
1117 3970 1147 3976 -
1164 3942 1314 4002 intellectu,

193 4005 226 4050 cl.
243 4005 331 4057 Cous..
346 4020 372 4065 p.
396 4008 449 4063 368,
473 4004 617 4067 alaitem
634 4032 664 4040 -—
683 4007 780 4064 actiua,
799 4006 832 4052 ct.
856 4006 943 4062 Cone,
956 4020 982 4065 p.
997 4004 1150 4064 368,51Ex
1169 4020 1223 4066 quo
1239 4005 1316 4053 —ad

193 4066 291 4123 aetina,
310 4066 344 4114 cl.
360 4068 448 4123 Cone,
470 4082 496 4128 p.
520 4070 573 4125 368,
588 4073 601 4113 8
616 4067 620 4128 Ι
635 4072 663 4114 16
681 4067 977 4125 Communia-uerba,
992 4067 1025 4115 cf.
1040 4068 1128 4125 Coun,
1147 4083 1173 4139 p.
1188 4072 1241 4128 367,
1255 4074 1284 4115 36
1299 4072 1303 4127 Ι

193 4132 222 4174 22
236 4127 289 4175 Sed
302 4155 332 4162 -
345 4132 409 4176 sunt
422 4131 527 4190 neutra,
541 4129 574 4176 cl.
589 4128 686 4188 Donat,
699 4146 726 4192 p.
740 4135 794 4188 383,
808 4135 821 4176 6
836 4130 883 4239 Ι)25
901 4129 970 4177 Sunt
982 4133 1190 4191 neutropassrua
1201 4157 1231 4165 -
1243 4132 1316 4192 gaui-

192 4205 239 4237 sus
253 4205 322 4250 sum,
337 4191 371 4238 ef.
385 4192 475 4252 Cone,
487 4205 513 4252 p.
529 4196 582 4250 368,
596 4196 626 4238 16
641 4192 644 4253 Ι
659 4197 686 4238 27
707 4191 775 4239 Sunt
787 4207 835 4239 uer
857 4207 914 4240 a-
927 4207 1052 4254 auguror,
1065 4193 1098 4240 cl.
1110 4193 1208 4252 Donat,
1219 4208 1246 4254 p.
1260 4197 1314 4256 383,

192 4258 231 4313 18,
251 4254 340 4313 Cous„
360 4268 385 4315 p.
404 4258 459 4314 369,
482 4257 520 4301 12.
