3122 5060
687 502 728 547 un
750 502 846 548 uoors
1306 478 1325 545 9

208 648 369 711 aerarium
383 649 489 732 fitium
506 648 630 710 uiduae.
655 649 843 711 Consentius
865 658 967 710 tamen
985 651 1029 710 sic
1052 649 1180 710 adnotat
1193 649 1300 709 dicens
1319 667 1326 709 t

209 749 234 807 si
264 748 390 808 adrem
424 770 481 808 nos
512 749 625 809 trechii
645 747 648 829 Ι
667 748 844 809 intellectus
874 771 953 831 quae
989 750 1102 827 agitur,
1135 770 1233 828 genus
1259 768 1328 828 pas·

209 848 312 906 siuum
326 855 383 920 est,
398 841 544 927 geritur;¹
558 847 583 907 si
606 846 645 906 ad
670 845 739 906 illos
765 848 818 928 qui
841 853 948 925 agunt,
967 868 1066 927 genus
1081 846 1288 931 impersonale
1306 847 1311 923 Ι

210 944 296 1005 uerbi
310 952 367 1020 est,
385 947 513 1025 geritur,
530 947 611 1008 sieut
626 955 656 1008 et
674 946 769 1006 ceteri
784 966 892 1006 omnes
908 946 1021 1027 quibus
1039 946 1183 1006 omnibus
1199 966 1262 1005 uon
1275 944 1327 1025 qui

208 1043 283 1105 facit
300 1044 354 1104 sed
374 1044 379 1124 Ι
398 1045 481 1125 quod
495 1045 531 1105 iit
545 1046 788 1120 demonstratur,
800 1051 836 1105 ut
1344 1039 1362 1098 5

708 1185 876 1264 pupnetur
893 1177 1036 1238 cominus
1055 1177 1166 1252 ermis,

709 1276 923 1357 discumbitur
940 1282 1035 1352 ostro,

371 1374 493 1435 uiuitur
511 1378 515 1457 Ι
534 1376 706 1460 torpetem,

369 1473 434 1534 itur
452 1473 483 1535 in
498 1475 666 1558 antiquom
681 1475 810 1551 situum,

205 1578 239 1631 ct
252 1571 365 1632 similia
1346 1570 1382 1626 10

246 1670 349 1730 Verba
375 1693 500 1753 quoque
523 1672 752 1754 impersonalia,
778 1692 848 1732 cum
883 1691 938 1752 per
961 1691 1068 1730 omnes
1093 1670 1202 1730 modos
1231 1667 1309 1750 det

205 1768 315 1828 clinari
341 1776 483 1849 possunt,
508 1771 641 1851 quedam
673 1770 829 1830 deiectiua
850 1769 1068 1843 inueniuntur,
1087 1776 1123 1829 ut
1144 1769 1228 1841 licet,
1256 1767 1328 1826 mis-

208 1872 320 1928 seret:
351 1866 424 1927 ticet
442 1866 445 1948 Ι
464 1867 546 1927 euim
576 1869 744 1949 praeterito
780 1868 953 1949 perfectum
987 1874 1018 1926 51
1041 1865 1327 1947 plusquamperfec-

210 1969 275 2023 tum
291 1965 466 2026 nonhabet
487 1972 517 2026 51
539 1966 646 2026 futuro
668 1965 906 2027 coniunctatiui.
930 1965 990 2024 Sed
1018 1964 1167 2044 Virgilius
1194 1962 1327 2045 protulit

210 2061 314 2123 dicens
334 2083 341 2125 :
364 2064 368 2141 Ι
1345 2059 1380 2118 15

367 2159 421 2221 cui
437 2168 557 2223 tentum
576 2161 672 2244 liquit
687 2160 726 2223 de
745 2162 804 2222 te?

207 2294 349 2355 miseeret
380 2316 468 2370 uero,
503 2317 574 2356 cum
601 2297 719 2378 penitet
747 2295 883 2376 penituit
916 2294 1020 2369 iaciat,
1048 2295 1123 2354 facit
1151 2293 1186 2374 [f.
1222 2295 1277 2353 163
1299 2294 1324 2375 v]

206 2393 367 2453 misertum
394 2401 441 2453 est
464 2395 588 2474 passius
614 2394 823 2454 declinatione
847 2394 898 2454 uel
916 2393 1155 2472 significatione,
1177 2399 1210 2452 ut
1228 2391 1325 2465 tedet,

205 2499 378 2571 pertessum
394 2498 451 2552 est.

245 2589 382 2650 Gerendi
400 2590 513 2650 modus
530 2590 656 2665 dicitur,
676 2598 712 2651 ut
727 2590 789 2666 atii,
809 2590 958 2672 quoniam
977 2591 981 2669 Ι
1001 2589 1080 2668 gerit
1095 2588 1179 2669 quod
1194 2589 1325 2648 uerbum
1342 2594 1380 2650 20

205 2708 295 2747 suum
330 2688 422 2767 gerit,
453 2689 502 2748 uel
534 2710 571 2748 eo
596 2690 680 2769 quod
713 2697 817 2749 actum
846 2689 1014 2749 uerborum
1042 2686 1132 2746 litera
1164 2687 1325 2761 nominum

205 2794 307 2846 osten·
326 2786 331 2862 Ι
349 2786 407 2861 dit,
424 2786 475 2847 uel
490 2787 624 2867 eoquod
646 2787 726 2866 geri-t
742 2787 806 2847 uim
823 2786 990 2847 uerborum
1008 2791 1040 2845 ct
1057 2786 1220 2845 nominum
1234 2785 1326 2844 simui

205 2905 267 2944 una
283 2885 370 2944 lance
382 2890 412 2943 et
425 2885 476 2944 hic
487 2884 599 2944 modus
611 2885 696 2967 tipici
716 2887 721 2966 Ι
740 2885 913 2944 dicituruel
926 2882 1166 2965 particip[i]atiS,
1177 2884 1325 2964 quoniam

204 2982 297 3042 simul
325 2982 560 3064 participiorum
596 2982 738 3043 futurum
770 2991 800 3043 et
829 2984 1031 3065 praeteritum
1059 2989 1182 3063 tempus
1213 2981 1326 3041 habere

235 3256 249 3297 2
275 3250 367 3308 trahit,
388 3249 485 3299 tradiit
507 3249 511 3314 Ι
541 3254 553 3297 7
571 3250 759 3312 discumbitur,
780 3250 980 3314 disrumpitur!
1000 3255 1027 3298 12
1046 3251 1190 3306 deiectius,
1204 3249 1324 3311 desecta-

203 3312 261 3361 tiua
274 3314 279 3375 Ι
293 3316 322 3361 tt
335 3313 542 3373 coniunctutiui,
557 3313 741 3363 coniuntetiui
754 3319 759 3374 Ι
773 3315 830 3375 sed,
843 3316 909 3363 sunt
923 3317 928 3375 Ι
943 3319 970 3361 16
988 3314 1077 3377 liquit,
1094 3312 1190 3378 liquet.

234 3524 246 3566 1
273 3518 445 3577 Consentius,
472 3518 496 3567 si
519 3519 554 3567 sd
575 3533 631 3566 rem
650 3545 682 3554 —
698 3519 836 3581 passiuum
860 3521 903 3567 est
922 3519 1034 3581 geritur,
1059 3534 1085 3581 p.
1109 3524 1163 3578 373,
1186 3524 1219 3580 ⁷3
1241 3519 1264 3567 si
1293 3519 1327 3566 ud

201 3580 263 3629 illos
289 3582 449 3643 -geritur,
481 3596 508 3653 p.
538 3585 592 3642 373,
620 3582 679 3642 511
706 3581 806 3643 quibus
830 3609 862 3616 —
890 3582 994 3641 situum,
1024 3581 1060 3630 ci.
1088 3580 1180 3640 Cher„
1212 3597 1237 3644 p.
1271 3586 1325 3640 253,

203 3647 232 3691 18
247 3643 250 3705 Ι
265 3649 279 3691 6
296 3645 440 3706 pugnetur,
453 3643 539 3706 Virg,
554 3644 632 3705 Aen,
650 3643 711 3704 VII,
732 3646 776 3691 553
791 3647 795 3705 Ι
810 3649 822 3690 7
843 3644 1032 3701 discumbitur,
1043 3643 1128 3705 virg,
1142 3646 1220 3703 Aen,
1235 3644 1256 3702 1,
1271 3646 1325 3691 101.

214 3710 218 3765 Ι
233 3711 247 3753 8
264 3706 408 3764 uiuitur...‚
420 3706 493 3754 Pers.
515 3706 579 3766 sit,
596 3708 662 3764 1,13
677 3706 681 3766 Ι
695 3711 709 3753 9
722 3707 786 3767 itur,
801 3707 885 3769 Virg.,
900 3708 977 3762 Aen„
994 3706 1042 3764 Vt,
1060 3711 1104 3753 179
1119 3707 1123 3766 Ι
1138 3711 1165 3752 11
1186 3705 1278 3753 Verba
1296 3732 1328 3741 -

203 3767 294 3822 habet.
314 3768 455 3828 5165115,
471 3783 497 3830 p.
515 3773 569 3828 313,
586 3773 613 3816 21
629 3769 633 3827 Ι
648 3773 677 3816 16
695 3769 738 3816 cui
757 3769 861 3818 tantum
873 3770 906 3816 de
930 3771 957 3815 15
974 3769 1062 3830 liquit,
1081 3768 1167 3829 Virg,
1185 3771 1263 3825 Aeo,
1277 3768 1325 3828 VI,

204 3834 265 3889 5023
279 3846 322 3893 up.
336 3829 435 3891 Diem„
447 3845 474 3892 p.
488 3833 541 3888 113,
556 3836 569 3877 3
582 3833 610 3878 51
620 3830 724 3894 Pomp,
734 3835 822 3893 piot,
835 3836 864 3878 33
878 3830 883 3894 Ι
898 3835 924 3878 17
935 3831 1061 3879 misserct
1070 3857 1097 3866 —
1110 3833 1261 3892 pertcssum
1275 3833 1325 3891 est,

203 3892 238 3940 cf.
258 3892 347 3950 Cous,
369 3908 394 3954 p.
414 3898 468 3953 313,
487 3898 514 3939 21
525 3891 534 3953 Ι
549 3898 578 3939 20
597 3892 713 3941 Gerendi
731 3919 763 3928 -
779 3908 832 3940 una
853 3892 938 3949 lance,
956 3893 991 3941 cf.
1012 3893 1108 3950 Nunc,
1123 3894 1141 3943 f.
1162 3898 1214 3939 36v
1234 3898 1247 3940 5
1265 3892 1294 3956 (1)
1310 3894 1314 3954 Ι

203 3958 233 4002 23
257 3970 309 4004 unu
331 3956 417 4017 lance,
448 3954 483 4003 cs.
512 3954 600 4004 Poris.
635 3959 719 4016 13026,
748 3955 858 4019 Ectopc,
876 3955 895 4004 s.
916 3960 970 4017 159,
996 3960 1025 4002 to
1045 3956 1048 4019 Ι
1070 3956 1090 4003 ti
1113 3956 1158 4016 ici,
1187 3955 1222 4003 ct.
1251 3955 1324 4004 Vir.

202 4031 329 4080 gramm,
342 4017 423 4079 Epit,
438 4022 461 4077 9,
497 4017 1071 4080 Ι71122,11,5;Αερ51·,ρ,52,6Ιηοι5);
1106 3971 1317 4066 ommeinridi

202 4093 228 4141 p.
244 4084 297 4140 210,
311 4084 354 4139 10;
364 4080 459 4137 Nono,
471 4032 493 4127 ΙΙ
505 4084 598 4140 36,18;
611 4079 698 4138 Paris,
718 4085 793 4127 13026
806 4080 915 4144 Ectope,
928 4080 947 4129 1.
961 4086 1006 4128 159
1015 4086 1056 4139 ”,5
1071 4080 1115 4128 uel
1128 4081 1221 4142 ticipe,
1233 4081 1270 4129 id.
1284 4086 1324 4141 13,

204 4141 296 4250 tipipe,
319 4142 424 4204 d'uprts
446 4141 548 4204 Virgite
569 4142 594 4189 le
616 4142 805 4205 grammairien
820 4142 824 4204 Ι
838 4143 968 4205 quoniam
987 4170 1017 4178 -
1037 4143 1155 4203 uidetur,
1177 4143 1212 4190 ci.
1234 4142 1325 4205 Seru,

209 4217 236 4264 p.
271 4208 365 4263 1219.

1308 4056 1325 4078 ¹9
