3122 5060
701 513 741 556 nn
763 511 860 556 uenis
1295 488 1332 553 ll

214 672 245 724 et
260 663 468 744 aldliecerunt
483 661 703 743 promissiuum
718 659 844 718 modum
864 660 868 738 Ι
887 667 917 718 et
928 658 1143 718 concessiuum
1161 656 1288 716 modum
1307 665 1339 716 et

213 762 406 821 hortatiuum
436 759 564 820 modum
592 767 623 819 et
651 758 922 840 percunctatiuum
942 756 1078 817 modum.
1100 756 1104 834 Ι
1124 756 1336 815 Promissiuus

214 860 325 919 modus
342 859 412 918 ideo
436 858 474 918 ab
497 859 564 918 aliis
587 864 716 939 putatur
742 856 826 937 quod
854 856 995 915 futurum
1026 863 1150 934 tempus
1175 853 1337 912 indicatiui

216 958 298 1016 modi
312 957 410 1035 magis
426 979 496 1037 pro·
515 958 519 1034 Ι
539 957 661 1016 mittere
686 975 778 1036 quam
797 954 1000 1035 pronuntiare
1015 953 1150 1026 uidetur,
1168 958 1203 1011 ut
1219 947 1335 1029 legam,

213 1056 358 1129 scribam,
392 1063 423 1114 et
452 1062 556 1115 tamen
586 1075 647 1113 non
673 1061 720 1112 est
737 1052 859 1123 modus,
885 1051 969 1132 quod
995 1050 1183 1110 indicatiuus
1203 1051 1207 1129 Ι
1226 1047 1372 1108 modus5

213 1153 279 1212 sine
304 1152 412 1212 futuro
441 1153 508 1212 fieri
539 1173 601 1212 non
632 1157 746 1232 potest,
771 1171 842 1210 cum
870 1171 979 1209 omnes
997 1147 1082 1207 modi
1104 1156 1170 1207 trea
1198 1153 1339 1228 tempora

213 1250 330 1310 habent
344 1259 431 1310 extra
447 1250 687 1330 imperatiuum;
710 1249 744 1329 [f.
771 1248 838 1328 164]
857 1253 1022 1329 propterea
1043 1246 1180 1306 indicare
1197 1245 1246 1305 uel
1268 1266 1339 1325 pro-

213 1348 357 1407 nuntiare
374 1349 407 1406 in
425 1347 567 1408 futurum
581 1355 664 1408 recte
680 1347 814 1406 dicimus
829 1351 892 1405 tarn
908 1346 989 1405 bona
1010 1366 1103 1426 quarn
1117 1344 1197 1403 mala
1209 1363 1215 1418 ;
1229 1363 1299 1423 pro·
1318 1342 1322 1420 Ι

214 1447 338 1506 mittere
356 1446 439 1505 enim
455 1451 577 1505 tantum
598 1445 636 1504 de
658 1445 748 1504 bonis
765 1445 890 1518 dicitur,
908 1451 939 1503 et
956 1443 1113 1525 quomodo
1139 1441 1339 1522 [promissiuo

214 1545 321 1624 modo]
335 1544 466 1603 dicimus
483 1565 582 1617 uram,
604 1543 764 1621 adfligam,
785 1541 942 1609 cruciabo,
962 1542 1028 1600 sine
1047 1541 1051 1619 Ι
1071 1539 1257 1618 acirologia‘?
1270 1538 1340 1597 ideo
1358 1540 1394 1596 10

216 1642 403 1702 refutandus
420 1650 478 1713 est,
496 1641 629 1701 maxime
645 1641 716 1700 dum
737 1640 830 1701 Greci
855 1660 918 1699 non
938 1639 1065 1699 habent.
1094 1637 1300 1697 Concessiuus
1320 1637 1323 1715 Ι

214 1740 327 1799 modus
342 1740 414 1799 ideo
429 1740 546 1799 dicitur
572 1739 654 1820 quod
682 1738 809 1798 uidetur
829 1738 913 1797 aliud
936 1757 1032 1815 genus
1054 1736 1202 1817 loquendi
1226 1735 1341 1793 habere

218 1839 271 1919 qui
289 1838 403 1915 facitur
419 1838 457 1897 dc
475 1838 615 1919 perlecto
631 1857 704 1896 con·
723 1836 726 1918 Ι
746 1836 923 1906 iunctatiui,
948 1842 982 1894 ut
1000 1834 1120 1907 leceriS,
1139 1833 1265 1905 dixeris,
1283 1831 1341 1891 sub

218 1937 321 2016 specie
332 1935 535 2009 concedendi,
551 1943 582 1995 et
597 1941 698 1994 tamen
711 1955 836 1994 sensum
849 1934 992 1993 deortan·
1011 1933 1015 2012 Ι
1033 1933 1073 1991 tis
1087 1932 1180 1991 habet
1192 1952 1199 2006 3
1211 1932 1235 1990 si
1248 1929 1342 1989 adda-

223 2041 364 2107 turcum,
380 2033 601 2093 coniunctiuus
612 2032 723 2091 modus
735 2032 889 2101 efficitur;
905 2038 935 2091 et
948 2051 1027 2110 pene
1043 2030 1153 2089 similis
1167 2036 1214 2088 est
1229 2050 1301 2088 con·
1320 2029 1325 2107 Ι
1359 2025 1395 2085 15

218 2132 337 2191 cessiua
363 2139 393 2191 et
421 2131 615 2191 adfirmatiua
638 2131 774 2211 species;
803 2131 884 2189 inter
903 2129 1117 2189 conccssiuam
1143 2128 1225 2187 enirn
1241 2134 1273 2186 et
1287 2126 1342 2185 ad-

220 2229 406 2288 firmatiuam
427 2230 431 2308 Ι
451 2229 585 2310 speciem
615 2229 675 2288 hoc
699 2229 829 2288 interest
867 2226 951 2308 quod
983 2227 1163 2286 concessiua
1198 2224 1343 2285 concedit

219 2326 304 2407 quod
333 2347 395 2386 non
428 2327 497 2386 uult
531 2327 672 2399 concedi,
703 2326 846 2386 adfirma-
865 2327 869 2406 Ι
888 2326 953 2384 tiua
983 2345 1058 2384 uero
1083 2323 1227 2383 adfirmat
1257 2321 1342 2401 quod

215 2445 385 2504 numquam
403 2425 595 2485 factumest.
621 2427 699 2484 ltem
715 2423 847 2484 relatiua
872 2423 989 2482 dicitur
1005 2443 1042 2481 eo
1063 2421 1146 2502 quod
1163 2421 1304 2500 iungitur
1322 2420 1325 2498 Ι

215 2522 400 2592 indicatiu0‚
416 2531 451 2582 ut
464 2522 585 2582 erudite
604 2523 718 2582 dicitur
734 2540 740 2581 :
756 2522 859 2580 nescio
870 2521 945 2601 quid
961 2521 1085 2594 lecerm,
1100 2527 1132 2579 et
1144 2520 1249 2579 nescio
1266 2517 1342 2599 quid
1358 2519 1396 2574 20

215 2621 322 2695 laciaS,
352 2621 463 2680 melius
499 2641 591 2700 quam
612 2620 615 2699 Ι
636 2620 740 2679 nescio
774 2619 851 2700 quid
877 2619 980 2678 fecisti
1018 2639 1056 2678 an
1090 2619 1195 2691 facies,
1221 2624 1253 2676 et
1280 2617 1337 2676 hae

215 2718 414 2799 loquutiones
450 2717 574 2777 additae
603 2723 676 2777 sunt
703 2725 832 2799 propter
865 2716 1013 2775 decorem
1045 2716 1133 2776 latini
1152 2717 1156 2795 Ι
1176 2713 1341 2774 sermonis·

217 2816 377 2876 Ortatiuus
393 2817 505 2875 modus
516 2823 548 2875 et
562 2815 765 2896 imperatiuus
774 2815 884 2888 oritur,
895 2822 931 2874 ut
941 2835 1011 2874 cum
1024 2814 1159 2873 dicimus
1172 2833 1178 2874 :
1190 2813 1341 2892 legamus,

221 2914 381 2983 faciamus,
403 2915 407 2993 Ι
426 2921 567 2994 tempore
584 2913 739 2994 praesenti
755 2934 884 2972 numero
901 2912 1011 2993 plurali
1031 2932 1037 2985 ς
1055 2912 1086 2970 in
1098 2912 1246 2990 singulari
1260 2911 1342 2969 enim

221 3032 351 3070 numero
364 3011 468 3071 nullus
479 3032 573 3091 super
596 3011 797 3091 semetipsum
812 3012 960 3092 imperat;
977 3010 1103 3091 quando
1117 3030 1191 3069 uero
1205 3009 1303 3090 prima
1322 3010 1326 3088 Ι
1358 2997 1396 3055 25

214 3129 344 3189 persona
363 3130 434 3169 cum
462 3109 529 3167 aliis
560 3108 726 3182 adseritur,
755 3109 934 3168 hortatiuus
959 3108 998 3168 ab
1022 3108 1091 3167 aliis
1115 3114 1256 3188 putatur,
1280 3128 1342 3165 non

213 3208 427 3288 imperatiuus¹
466 3207 645 3286 Aliquando
681 3207 1034 3284 futurumlindicatiui
1072 3213 1103 3265 et
1148 3205 1283 3285 optatiui
1312 3212 1343 3263 ct

212 3305 406 3365 coniunctiui
436 3326 493 3384 pro
520 3304 706 3385 imperatiuo
729 3305 827 3364 futuri
860 3305 1010 3385 temporis
1037 3325 1167 3363 numeru
1192 3302 1342 3380 singulari
1397 3336 1400 3341 ·

214 3409 393 3483 usurpatur,
421 3408 455 3462 ut
483 3410 612 3462 estnon
638 3399 788 3463 adorabis
807 3404 812 3482 Ι
831 3400 904 3462 deos
925 3401 1057 3475 alienos,
1080 3423 1142 3461 non
1158 3400 1257 3482 facies
1281 3399 1341 3461 tibi

247 3639 260 3681 3
280 3635 361 3696 quod,
380 3648 434 3697 que
448 3634 480 3697 Ι5
501 3635 596 3682 modus
615 3635 696 3696 quod,
716 3634 794 3683 modo
818 3649 871 3698 que
890 3636 894 3697 Ι
913 3635 1076 3683 indicatiuus
1094 3635 1191 3683 modus
1212 3634 1271 3682 iter.
1288 3632 1292 3697 Ι
1312 3638 1340 3680 12

216 3697 323 3756 modus,
343 3696 439 3759 model
456 3701 485 3743 23
504 3697 608 3755 moduS,
633 3697 719 3745 modo,

248 3898 261 3939 3
278 3893 338 3940 aliis
351 3892 428 3947 Seru,
442 3907 468 3953 p.
483 3895 587 3951 112,10,
604 3892 711 3955 [Ser9.],
726 3908 752 3954 p.
765 3898 819 3954 593,
829 3898 867 3951 31,
882 3892 974 3951 Proh,
987 3909 1012 3956 p.
1028 3898 1118 3953 156,1;
1134 3894 1236 3954 Pomp,
1250 3908 1276 3955 p.
1289 3899 1343 3953 215,

217 3960 239 4002 5.
255 3956 259 4017 Ι
274 3961 285 4002 1
300 3958 445 4017 propterca
457 3981 488 3988 -
500 3954 611 4009 habeut,
625 3956 659 4003 cl.
675 3956 765 4013 Cous,
780 3971 805 4016 p.
820 3959 873 4009 311,
889 3961 917 4001 25
932 3957 935 4016 Ι
951 3959 979 4002 11
998 3955 1048 4002 sub
1062 3956 1152 4017 specie
1165 3956 1293 4014 —babet,
1309 3959 1343 4005 cl.

217 4018 315 4076 Dium,
328 4032 355 4078 p.
378 4021 433 4071 397,
447 4019 460 4062 4
475 4016 478 4076 Ι
494 4022 523 4063 15
536 4021 563 4064 et
581 4031 649 4078 pene
667 4018 810 4066 —factum
824 4021 874 4073 est,
889 4018 922 4065 cl.
938 4017 985 4077 id,
1000 4022 1011 4063 7
1027 4018 1031 4078 Ι
1047 4022 1075 4062 19
1095 4018 1162 4064 Item
1175 4018 1293 4077 -lucis,
1308 4020 1343 4068 cl.

217 4079 315 4137 Dium„
338 4094 363 4140 p.
387 4082 442 4137 395,
455 4082 483 4125 11
498 4080 502 4139 Ι
517 4084 546 4126 23
569 4079 711 4126 Ortatiuus
733 4107 763 4114 -
784 4080 972 4140 imperatiuus,
995 4080 1027 4126 cs.
1048 4080 1145 4137 Dium,
1165 4095 1191 4140 p.
1210 4085 1263 4137 333,
1284 4082 1332 4142 33Ι

216 4147 246 4188 29
257 4156 310 4188 non
321 4140 447 4188 adorabis
458 4141 524 4187 deus
536 4140 629 4212 (Vulp.
643 4141 746 4203 eorum)
757 4142 852 4201 and,
866 4147 902 4197 23,
913 4146 950 4196 21,
963 4156 1016 4188 non
1028 4141 1141 4188 habebis
1152 4142 1218 4189 deos
1229 4142 1343 4203 alienos,

216 4203 312 4261 Euod,
327 4208 365 4263 29,
379 4207 392 4248 3
408 4204 577 4265 lucrifacies
597 4230 627 4237 -
648 4203 784 4265 sculptile,
806 4204 902 4263 Euod,
926 4208 989 4261 29,1
1005 4203 1039 4265 (V
1041 4203 1109 4266 utg.)
