3122 5060
709 475 750 518 nu
772 473 869 519 uonrs
1303 451 1341 517 ll

221 631 252 683 et
268 623 477 703 aldliecerunt
491 622 712 704 promissiuum
726 621 852 681 modum
872 622 876 700 Ι
895 628 926 680 et
937 621 1152 681 concessiuum
1169 621 1296 680 modum
1315 628 1346 682 et

221 722 413 781 hortaliuum
444 721 572 780 modum
600 727 632 780 et
659 721 931 801 percunctatiuum
950 720 1087 780 modum,
1109 719 1113 798 Ι
1133 719 1345 778 Promissiuus

222 820 334 878 modus
351 819 420 878 ideo
443 819 482 878 ab
505 819 573 878 aliis
596 826 725 899 pulalur
751 817 834 898 quod
863 818 1002 877 futurum
1035 825 1158 897 tempus
1183 817 1346 877 inilicaliui

223 917 306 975 modi
320 917 418 995 magis
434 938 505 997 pro·
523 919 527 995 Ι
546 917 669 976 mittere
694 937 785 997 quam
805 916 1008 996 pronunliare
1022 916 1158 989 uidetur,
1176 911 1343 993 allegam,

221 1016 366 1089 scribam,
400 1022 431 1074 et
459 1022 564 1074 tamen
594 1036 655 1074 nou
681 1014 867 1086 almodus,
893 1014 978 1095 quod
1003 1014 1191 1073 indicatiuus
1211 1014 1215 1092 Ι
1234 1012 1380 1072 modus5

220 1113 286 1171 sine
312 1113 419 1172 futuro
450 1113 516 1172 fieri
547 1134 609 1173 non
640 1117 754 1194 potest,
779 1133 851 1172 cum
879 1133 987 1172 omnes
1005 1111 1090 1170 modi
1112 1116 1178 1170 trea
1206 1117 1346 1192 tempora

222 1210 338 1270 habent
352 1218 439 1271 extra
454 1211 695 1291 imperaliuum;
718 1210 752 1291 ll,
779 1211 846 1290 164]
865 1216 1030 1291 propterea
1051 1208 1188 1268 indicare
1206 1209 1254 1268 uel
1275 1230 1347 1289 pro-

221 1309 365 1368 nunliare
382 1310 414 1367 in
433 1308 575 1368 lulururn
589 1316 672 1368 recte
688 1309 822 1368 dicimus
837 1314 899 1367 tam
916 1309 998 1367 bona
1018 1328 1111 1389 quam
1125 1307 1222 1381 mala3
1236 1327 1307 1386 pro·
1325 1306 1330 1385 Ι

221 1407 345 1466 mittere
363 1407 447 1466 enim
462 1413 585 1466 tantum
606 1406 644 1466 de
665 1406 756 1466 bonis
773 1406 897 1480 dicitur,
916 1413 947 1465 el
964 1406 1120 1487 quomodo
1147 1405 1346 1486 [promissiuo

221 1504 328 1584 modo]
342 1504 474 1564 dicimus
490 1526 590 1578 uram,
612 1504 772 1583 adfligam,
792 1504 950 1573 cruciabo
970 1504 1035 1563 sine
1055 1503 1058 1582 Ι
1078 1502 1264 1582 acirologia?
1278 1503 1347 1561 ideo
1365 1504 1402 1560 10

223 1601 410 1661 refulandus
427 1611 486 1673 est,
503 1602 636 1661 maxime
652 1602 723 1661 dum
744 1601 838 1662 Greci
863 1622 925 1661 non
946 1602 1072 1662 habent.
1101 1601 1307 1660 Concessiuus
1327 1601 1331 1679 Ι

222 1701 334 1759 modus
349 1700 421 1759 ideo
436 1700 553 1760 dicitur
579 1701 661 1781 quod
689 1699 817 1760 uidetur
837 1700 921 1759 aliud
943 1720 1039 1777 genus
1062 1699 1211 1781 loquendi
1234 1698 1349 1757 habere

225 1799 279 1878 qui
297 1798 410 1877 iacitur
426 1798 464 1857 de
482 1798 623 1878 perleclo
638 1818 711 1858 con·
730 1798 733 1879 Ι
754 1798 930 1869 iunclaliui,
955 1805 990 1857 ut
1007 1797 1128 1871 feceris,
1146 1797 1273 1868 dixeriS,
1291 1795 1348 1855 sub

226 1896 327 1976 specie
339 1895 542 1970 concedendi,
558 1903 589 1956 et
605 1902 705 1955 lamen
719 1917 843 1956 sensum
856 1897 1000 1955 deorlan-
1018 1896 1022 1974 Ι
1041 1896 1080 1954 lis
1094 1895 1188 1954 babel
1199 1915 1207 1969 ;
1218 1895 1243 1954 si
1255 1894 1349 1953 adda-

230 2000 371 2067 lurcum‚
386 1994 608 2054 coniunctiuus
619 1993 730 2053 modus
742 1994 896 2064 efficitur;
912 2000 943 2053 el
955 2014 1034 2074 pene
1050 1993 1160 2052 similis
1174 1998 1221 2052 est
1236 2013 1308 2051 con·
1327 1992 1333 2070 Ι
1367 1989 1401 2048 15

225 2092 343 2151 cessiua
370 2099 399 2151 el
428 2092 622 2151 adfirmaliua
646 2092 781 2172 species;
810 2093 891 2151 inter
910 2092 1124 2151 concessiuam
1150 2091 1231 2151 enim
1248 2090 1349 2149 etad-

227 2189 413 2248 firmatiuam
433 2190 438 2269 Ι
457 2189 591 2269 speciem
622 2190 682 2249 hoc
706 2190 836 2250 interest
874 2189 958 2270 quod
990 2190 1170 2249 concessiua
1205 2188 1350 2248 concedit

226 2286 310 2366 quod
339 2308 402 2346 non
435 2288 503 2346 uull
537 2288 678 2360 concedi,
710 2286 853 2347 adfirma-
872 2288 876 2369 Ι
895 2289 960 2347 tiua
990 2308 1065 2347 uero
1090 2286 1234 2346 adfirmat
1264 2285 1349 2365 quod

221 2405 391 2464 numquam
410 2386 527 2445 lactum
544 2393 602 2446 est.
628 2387 705 2444 llem
722 2385 853 2445 relatiua
879 2385 995 2445 dicitur
1013 2407 1049 2445 eo
1070 2385 1152 2466 quod
1169 2385 1310 2464 iungitur
1328 2384 1332 2462 Ι

221 2482 406 2553 indicaliu0,
422 2492 457 2543 ul
470 2483 592 2543 erudite
610 2483 725 2543 dicitur
741 2502 747 2543 τ
763 2485 866 2542 nescio
877 2483 952 2564 quid
967 2484 1092 2558 leceris,
1107 2491 1138 2542 el
1151 2483 1255 2542 nescio
1273 2481 1349 2563 quid
1365 2483 1403 2538 20

222 2580 328 2654 facias,
358 2580 469 2641 melius
505 2602 597 2661 quam
618 2581 622 2661 Ι
642 2581 747 2641 nescio
781 2581 857 2662 quid
884 2581 986 2640 lecisli
1024 2603 1062 2640 an
1096 2582 1201 2654 iacies
1228 2588 1259 2640 el
1287 2581 1344 2639 hae

220 2677 420 2759 loquutiones
456 2679 579 2738 additae
609 2685 682 2738 sunt
710 2688 838 2760 propter
873 2679 1018 2738 decorem
1051 2679 1139 2738 latini
1158 2680 1162 2759 Ι
1182 2678 1347 2737 sermonis·

222 2776 383 2835 Ortatiuus
400 2777 511 2836 modus
522 2784 554 2836 et
568 2777 771 2858 imperatiuus
781 2777 890 2851 oritur,
902 2785 937 2837 ul
947 2798 1018 2837 cum
1030 2777 1164 2836 dicimus
1178 2776 1348 2856 :legamus

226 2873 387 2944 faciamus
409 2875 413 2953 Ι
432 2880 573 2956 tempore
590 2875 745 2956 praesenti
761 2896 890 2935 numero
906 2875 1018 2955 plurali
1037 2895 1044 2948 ;
1062 2876 1092 2934 in
1104 2875 1252 2954 singulari
1266 2875 1348 2933 enim

227 2992 357 3031 numero
370 2972 474 3031 nullus
485 2994 579 3052 super
601 2973 803 3053 semetipsum
818 2974 966 3055 imperat3
984 2973 1108 3054 quando
1123 2994 1197 3033 uero
1211 2972 1309 3054 prima
1328 2974 1332 3052 Ι
1364 2962 1402 3020 25

219 3089 349 3149 persona
369 3091 441 3129 eum
468 3070 535 3129 aliis
566 3070 732 3143 adseritur,
761 3072 940 3131 hortatiuus
965 3071 1004 3131 ab
1029 3072 1097 3131 aliis
1121 3077 1263 3153 putatur,
1286 3092 1347 3130 non

218 3167 433 3247 imperaliuus.
472 3168 651 3248 Aliquando
687 3169 830 3228 futurum
853 3170 1039 3247 lindicaliui
1078 3175 1109 3229 el
1154 3169 1288 3250 optatiui
1318 3177 1349 3228 el

218 3265 412 3324 coniunctiui
442 3286 499 3346 pro
525 3266 712 3346 imperaliuo
735 3268 832 3327 futuri
866 3269 1016 3348 temporis
1043 3288 1173 3327 numero
1198 3267 1347 3345 singulari
1403 3302 1406 3305 ,

221 3369 399 3443 usurpatur,
426 3369 460 3423 ut
489 3372 536 3424 esl
556 3385 618 3424 non
643 3363 794 3425 adorabis
813 3366 818 3445 Ι
836 3364 909 3425 deos
931 3364 1063 3439 alienos,
1086 3386 1148 3425 non
1164 3364 1263 3446 facies
1287 3363 1347 3426 tihi

252 3599 266 3640 3
285 3595 367 3656 quod,
386 3609 439 3659 que
454 3595 457 3658 Ι
473 3600 486 3643 5
507 3597 602 3644 modus
620 3598 701 3658 quod,
721 3597 800 3645 modu
823 3612 876 3661 que
896 3599 900 3660 Ι
919 3599 1081 3647 indicatiuus
1100 3598 1196 3646 modus
1217 3597 1276 3646 iter.
1293 3597 1297 3659 Ι
1318 3602 1345 3643 12

221 3657 328 3717 modus,
349 3657 445 3720 model
462 3663 492 3705 23
509 3659 613 3718 modus,
638 3660 724 3708 modo.

253 3858 267 3899 3
283 3853 344 3901 aliis
357 3853 433 3909 Seru,
448 3869 474 3915 p.
489 3857 592 3914 41210,
609 3854 617 3916 Ι
620 3854 717 3918 Serui,
731 3871 757 3917 p.
770 3861 824 3916 503,
834 3861 873 3916 31,
888 3855 979 3915 Prob.q
992 3872 1017 3919 p.
1033 3862 1086 3917 156,
1097 3861 1124 3918 l;
1139 3857 1241 3918 Pomp„
1255 3873 1286 3919 p..
1294 3863 1348 3917 215,

222 3920 244 3963 5.
260 3915 264 3978 Ι
279 3921 290 3963 7
305 3919 450 3978 propterea
463 3944 493 3951 —
505 3916 615 3975 habent,
631 3918 664 3965 cl.
681 3919 770 3975 Cone,
785 3933 810 3979 p.
825 3922 878 3974 374,
894 3924 922 3965 25
937 3920 941 3981 Ι
956 3922 984 3966 ll
1003 3919 1053 3965 sub
1067 3920 1157 3981 specie
1170 3920 1298 3979 —habet‚
1313 3921 1348 3969 cl.

222 3978 360 4040 Dinm.‚p.
384 3979 568 4039 397,lll5el
605 3993 654 4026 ene
672 3981 879 4037 -faclumest,
894 3982 927 4028 cl.
943 3980 990 4040 id,
1005 3986 1016 4027 7
1032 3981 1036 4042 Ι
1052 3987 1080 4027 19
1100 3983 1298 4041 llam-facis,
1313 3985 1348 4032 cl.

221 4039 320 4098 Diem„
343 4048 373 4101 pi
393 4044 447 4099 395,
460 4044 488 4087 14
503 4042 507 4103 Ι
522 4046 551 4087 23
600 4042 716 4089 rlaliuus
738 4070 768 4077 -
789 4043 977 4104 imperaliuus,
1000 4044 1032 4090 cf.
1053 4044 1150 4103 Diem„
1169 4059 1196 4105 p.
1215 4049 1269 4103 338,
1289 4046 1336 4106 33Ι

221 4106 250 4148 29
261 4117 316 4149 non
327 4102 451 4150 adorabis
463 4103 528 4150 deos
541 4103 634 4175 (Vulq.
647 4104 751 4167 eorum)
762 4105 857 4164 bned,
871 4111 907 4163 23,
918 4109 955 4160 24,
969 4120 1021 4152 non
1032 4105 1146 4153 habebis
1157 4107 1222 4153 deos
1234 4107 1347 4168 alienos,

221 4164 317 4220 aeon„
332 4169 370 4223 20,
384 4169 397 4209 3
413 4166 416 4226 Ι
431 4179 485 4212 nou
499 4167 581 4212 facies
602 4193 632 4201 -
653 4166 789 4227 sculptile,
811 4167 907 4228 and„
930 4171 994 4226 20,3
1010 4167 1044 4229 (V
1047 4167 1114 4231 aly.)
